@ELETRONIC{haskell,
	author = {haskell.org},
	title = {Haskell Language},
	note = {Acesso em: 02/07/2018},
	url = {https://www.haskell.org/}
}

@ELETRONIC{haskellWiki,
	author = {Keith Wansbrough and Shae Erisson},
	title = {Haskell Wiki - The Haskell Programming Language},
	Date-Modified = {2013-09-09 22:38:00 -0300},
	note = {Acesso em: 02/07/2018},
	Organization = {Haskell.org},
	url = {\href{https://wiki.haskell.org/Haskell}{https://wiki.haskell.org/Haskell}}
}

@ELETRONIC{guiaEng,
	author = {Miran Lipova{\v c}a},
	title =  {Learn You A Haskell},
	note = {Acesso em 02/07/2018},
	url = {\href{http://learnyouahaskell.com/chapters}{http://learnyouahaskell.com/chapters}}
}

@ELETRONIC{guiaPtBr,
	author = {Tailor Fontela},
	title =  {Aprenda Haskell},
	note = {Acesso em 02/07/2018},
	url = {\href{http://haskell.tailorfontela.com.br/chapters}{http://haskell.tailorfontela.com.br/chapters}}
}

@ARTICLE{hasMat2013,
	author = {Thiago VedoVatto and Esdras Teixeira Costa},
	title = {Haskell: uma linguagem de programa\c{c}\~ao ideal para matem\'aticos},
	publisher = {Revista Eletr\^onica de Matem\'atica},
	year = {2013}
}

@ARTICLE{ambHas2011,
	author = {Davi Felipe Russi and Andrea Schwertner Char\~ao},
	title = {Ambientes de Desenvolvimento Integrado no Apoio ao Ensino da Linguagem de Programa\c{c}\~ao Haskell},
	publisher = {Universidade Federal de Santa Maria},
	year = {2011}

}

@ARTICLE{testHas2005,
	author = {Pedro Rodrigo Caetano Strecht Ribeiro},
	title = {Testes de Programas em Haskell},
	publisher = {Universidade do Porto},
	year = {2005}
}

@ARTICLE{histHas2007,
	author = {Paul Hudak and John Hughes and Simon Peyton Jones and Philip Wadler},
	title = {A history of Haskell: Being lazy with class},
	booktitle = {Proceedings - Third ACM SIGPLAN History of Programming Languages Conference, HOPL-III},
	year = {2007}
}